@article{theastropycollaboration2013,
	title = {Astropy: A community Python package for astronomy},
	volume = {558},
	issn = {0004-6361, 1432-0746},
	shorttitle = {Astropy},
	url = {http://www.aanda.org/10.1051/0004-6361/201322068},
	doi = {10.1051/0004-6361/201322068},
	journal = {Astronomy \& Astrophysics},
	author = {The Astropy Collaboration, Robitaille, Thomas P. and Tollerud, 
	Erik J. and Greenfield, Perry and Droettboom, Michael and Bray, Erik and 
	Aldcroft, Tom and Davis, Matt and Ginsburg, Adam and {Price-Whelan}, Adrian 
	M. and Kerzendorf, Wolfgang E. and Conley, Alexander and Crighton, Neil and 
	Barbary, Kyle and Muna, Demitri and Ferguson, Henry and Grollier, 
	Fr\'{e}d\'{e}ric and Parikh, Madhura M. and Nair, Prasanth H. and 
	G\"{u}nther, Hans M. and Deil, Christoph and Woillez, Julien and Conseil, 
	Simon and Kramer, Roban and Turner, James E. H. and Singer, Leo and Fox, 
	Ryan and Weaver, Benjamin A. and Zabalza, Victor and Edwards, Zachary I. 
	and Azalee Bostroem, K. and Burke, D. J. and Casey, Andrew R. and Crawford, 
	Steven M. and Dencheva, Nadia and Ely, Justin and Jenness, Tim and Labrie, 
	Kathleen and Lim, Pey Lian and Pierfederici, Francesco and Pontzen, Andrew 
	and Ptak, Andy and Refsdal, Brian and Servillat, Mathieu and Streicher, 
	Ole},
	month = sep,
	year = {2013},
	pages = {A33}
},

@article{muller2009,
	title = {{JHelioviewer:} Visualizing Large Sets of Solar Images Using {JPEG} 2000},
	volume = {11},
	issn = {1521-9615},
	shorttitle = {{JHelioviewer}},
	url = {http://ieeexplore.ieee.org/lpdocs/epic03/wrapper.htm?arnumber=5228714},
	doi = {10.1109/MCSE.2009.142},
	number = {5},
	journal = {Computing in Science \& Engineering},
	author = {Muller, Daniel and Fleck, Bernhard and Dimitoglou, George and Caplins, Benjamin W. and Amadigwe, Desmond E. and Ortiz, Juan Pablo Garc\'{i}a and Wamsler, Benjamin and Alexanderian, Alen and Hughitt, V. Keith and Ireland, Jack},
	month = sep,
	year = {2009},
	pages = {38--47}
},

@article{thompson2006,
	title = {Coordinate systems for solar image data},
	volume = {449},
	issn = {0004-6361, 1432-0746},
	url = {http://www.aanda.org/index.php?option=com_article&access=doi&doi=10.1051/0004-6361:20054262&Itemid=129},
	doi = {10.1051/0004-6361:20054262},
	number = {2},
	journal = {Astronomy and Astrophysics},
	author = {Thompson, W. T.},
	month = apr,
	year = {2006},
	pages = {791--803}
}